@article{liu2021,
author = {刘心溥 and 元志安 and 周笑宇},
title = {做白衣天使的隐形翅膀——第十五届研电赛作品多功能医护助手诞生记},
journal = {中国研究生},
volume = {},
pages = {70-71},
year = {2021},
issn = {1671-9042},
}
@article{YJSZ202105029,
author = {杨思恩},
title = {在长安奋战,于金陵梦圆——我的研电赛记忆},
journal = {中国研究生},
volume = {},
pages = {68-69},
year = {2021},
issn = {1671-9042},
}
@article{YJSZ202102013,
author = {彭鑫 and 韩冰},
title = {让优秀成为一种习惯——记西南交通大学WNG研电赛团队},
journal = {中国研究生},
volume = {},
pages = {24-29},
year = {2021},
issn = {1671-9042},
}
@article{YJSZ201903010,
author = {黄斐},
title = {我的研电赛记忆},
journal = {中国研究生},
volume = {},
pages = {24-26},
year = {2019},
issn = {1671-9042},
}
@article{ouyang2021t,
author = { 欧阳晔 and  王立磊 and  杨爱东 and  马利克·萨哈 and  大卫·贝兰格 and  高同庆 and  韦乐平 and  张亚勤 },
title = {通信人工智能的下一个十年},
journal = {电信科学},
volume = {37},
number = {03},
pages = {1-36},
year = {2021},
issn = {1000-0801},
}
@article{tang2020q,
author = { 唐杰 },
title = {浅谈人工智能的下一个十年},
journal = {智能系统学报},
volume = {15},
number = {01},
pages = {187-192},
year = {2020},
issn = {1673-4785},
}
